<record><leader>00000cas a2200000 a 4500</leader><controlfield tag="001">52522265</controlfield><controlfield tag="008">030630d19uu19uucauwr ne      0    0eng c</controlfield><datafield ind1=" " ind2=" " tag="010"><subfield code="a">sn2003061147</subfield></datafield><datafield ind1=" " ind2=" " tag="040"><subfield code="a">CNK</subfield><subfield code="b">eng</subfield><subfield code="c">CNK</subfield><subfield code="d">OCLCQ</subfield><subfield code="d">OCLCF</subfield><subfield code="d">OCLCO</subfield></datafield><datafield ind1="1" ind2=" " tag="029"><subfield code="a">AU@</subfield><subfield code="b">000024759298</subfield></datafield><datafield ind1=" " ind2=" " tag="042"><subfield code="a">pcc</subfield></datafield><datafield ind1=" " ind2=" " tag="043"><subfield code="a">n-us-ca</subfield></datafield><datafield ind1="0" ind2=" " tag="130"><subfield code="a">Ventura County news (Ventura, Calif. : 1979)</subfield></datafield><datafield ind1="1" ind2="0" tag="245"><subfield code="a">Ventura County news.</subfield></datafield><datafield ind1=" " ind2=" " tag="260"><subfield code="a">Ventura, CA. :</subfield><subfield code="b">Island Publications</subfield></datafield><datafield ind1=" " ind2=" " tag="300"><subfield code="a">v.</subfield></datafield><datafield ind1=" " ind2=" " tag="310"><subfield code="a">Weekly</subfield></datafield><datafield ind1=" " ind2=" " tag="500"><subfield code="a">"Formerly the Harbor News."</subfield></datafield><datafield ind1=" " ind2=" " tag="500"><subfield code="a">"Serving Ventura, Ojai, Santa Paula, Camarillo, Oxnard, Port Hueneme, Channel Islands &amp; Thousand Oaks."</subfield></datafield><datafield ind1=" " ind2=" " tag="588"><subfield code="a">Description based on: Vol. 10, no. 8 (Feb. 23, 1979).</subfield></datafield><datafield ind1=" " ind2="0" tag="651"><subfield code="a">Ventura County (Calif.)</subfield><subfield code="v">Newspapers.</subfield></datafield><datafield ind1=" " ind2="7" tag="655"><subfield code="a">Newspapers.</subfield><subfield code="2">fast</subfield><subfield code="0">(OCoLC)fst01423814</subfield></datafield><datafield ind1=" " ind2="7" tag="651"><subfield code="a">California</subfield><subfield code="z">Ventura County.</subfield><subfield code="2">fast</subfield><subfield code="0">(OCoLC)fst01206440</subfield></datafield><datafield ind1=" " ind2=" " tag="752"><subfield code="a">United States</subfield><subfield code="b">California</subfield><subfield code="c">Ventura</subfield><subfield code="d">Ventura.</subfield></datafield></record>